@misc{bugayenko2021reducing,
  archiveprefix = {arXiv},
  author = {Bugayenko, Yegor},
  eprint = {2112.11988},
  primaryclass = {cs.PL},
  title = {{Reducing Programs to Objects}},
  year = {2021},
}

@misc{bugayenko2021eolang,
  archiveprefix = {arXiv},
  author = {Bugayenko, Yegor},
  eprint = {2111.13384},
  primaryclass = {cs.PL},
  title = {{EOLANG and $\varphi$-Calculus}},
  year = {2021},
}

@misc{kudasov2021,
  archiveprefix = {arXiv},
  author = {Kudasov, Nikolai and Kim, Violetta},
  eprint = {2204.07454},
  primaryclass = {cs.PL},
  title = {{$\varphi$-Calculus: A Purely Object-Oriented Calculus of Decorated Objects}},
  year = {2022},
}

@misc{ieee754,
  author = {{IEEE~754}},
  doi = {10.1109/IEEESTD.2019.8766229},
  publisher = {{IEEE Std 754-2019 (Revision of IEEE 754-2008)}},
  title = {{IEEE Standard for Floating-Point Arithmetic}},
  year = {2019},
}

@misc{posix,
  author = {{IEEE~1003.1}},
  doi = {10.1109/IEEESTD.2018.8277153},
  publisher = {{IEEE Std 1003.1-2017 (Revision of IEEE Std 1003.1-2008)}},
  title = {{IEEE Standard for Information Technology --- Portable Operating System Interface (POSIX$^\text{TM}$) Base Specifications}},
  year = {2018},
}

@misc{EcmaScript,
  author = {ECMA},
  title = {{Standard ECMA-262 --- ECMAScript Language Specification}},
  year = {2011},
}

@misc{unicode,
  author = {{ISO~10646}},
  publisher = {{ISO/IEC 10646:2020}},
  title = {{Information Technology --- Universal Coded Character Set (UCS)}},
  year = {2020},
}

@misc{rfc2616,
  author = {Fielding, Roy and Gettys, Jim and Mogul, Jeffrey and Frystyk, Henrik and Masinter, Larry and Leach, Paul and Berners-Lee, Tim},
  publisher = {RFC Editor},
  title = {{RFC2616: Hypertext Transfer Protocol --- HTTP/1.1}},
  year = {1999},
}

@inproceedings{booch1990design,
  author = {Booch, Grady and Vilot, Michael},
  booktitle = {{Proceedings of the European Conference on Object-Oriented Programming Systems, Languages, and Applications}},
  pages = {1--11},
  title = {{The Design of the C++ Booch Components}},
  year = {1990},
  doi = {10.1145/97945.97947},
}

